%YAML 1.1
%TAG !u! tag:unity3d.com,2011:
--- !u!29 &1
OcclusionCullingSettings:
  m_ObjectHideFlags: 0
  serializedVersion: 2
  m_OcclusionBakeSettings:
    smallestOccluder: 5
    smallestHole: 0.25
    backfaceThreshold: 100
  m_SceneGUID: 00000000000000000000000000000000
  m_OcclusionCullingData: {fileID: 0}
--- !u!104 &2
RenderSettings:
  m_ObjectHideFlags: 0
  serializedVersion: 9
  m_Fog: 0
  m_FogColor: {r: 0.5, g: 0.5, b: 0.5, a: 1}
  m_FogMode: 3
  m_FogDensity: 0.01
  m_LinearFogStart: 0
  m_LinearFogEnd: 300
  m_AmbientSkyColor: {r: 0.212, g: 0.227, b: 0.259, a: 1}
  m_AmbientEquatorColor: {r: 0.114, g: 0.125, b: 0.133, a: 1}
  m_AmbientGroundColor: {r: 0.047, g: 0.043, b: 0.035, a: 1}
  m_AmbientIntensity: 1
  m_AmbientMode: 0
  m_SubtractiveShadowColor: {r: 0.42, g: 0.478, b: 0.627, a: 1}
  m_SkyboxMaterial: {fileID: 10304, guid: 0000000000000000f000000000000000, type: 0}
  m_HaloStrength: 0.5
  m_FlareStrength: 1
  m_FlareFadeSpeed: 3
  m_HaloTexture: {fileID: 0}
  m_SpotCookie: {fileID: 10001, guid: 0000000000000000e000000000000000, type: 0}
  m_DefaultReflectionMode: 0
  m_DefaultReflectionResolution: 128
  m_ReflectionBounces: 1
  m_ReflectionIntensity: 1
  m_CustomReflection: {fileID: 0}
  m_Sun: {fileID: 0}
  m_IndirectSpecularColor: {r: 0.44657898, g: 0.4964133, b: 0.5748178, a: 1}
  m_UseRadianceAmbientProbe: 0
--- !u!157 &3
LightmapSettings:
  m_ObjectHideFlags: 0
  serializedVersion: 11
  m_GIWorkflowMode: 0
  m_GISettings:
    serializedVersion: 2
    m_BounceScale: 1
    m_IndirectOutputScale: 1
    m_AlbedoBoost: 1
    m_EnvironmentLightingMode: 0
    m_EnableBakedLightmaps: 1
    m_EnableRealtimeLightmaps: 1
  m_LightmapEditorSettings:
    serializedVersion: 10
    m_Resolution: 2
    m_BakeResolution: 40
    m_AtlasSize: 1024
    m_AO: 0
    m_AOMaxDistance: 1
    m_CompAOExponent: 1
    m_CompAOExponentDirect: 0
    m_Padding: 2
    m_LightmapParameters: {fileID: 0}
    m_LightmapsBakeMode: 1
    m_TextureCompression: 1
    m_FinalGather: 0
    m_FinalGatherFiltering: 1
    m_FinalGatherRayCount: 256
    m_ReflectionCompression: 2
    m_MixedBakeMode: 2
    m_BakeBackend: 1
    m_PVRSampling: 1
    m_PVRDirectSampleCount: 32
    m_PVRSampleCount: 500
    m_PVRBounces: 2
    m_PVRFilterTypeDirect: 0
    m_PVRFilterTypeIndirect: 0
    m_PVRFilterTypeAO: 0
    m_PVRFilteringMode: 1
    m_PVRCulling: 1
    m_PVRFilteringGaussRadiusDirect: 1
    m_PVRFilteringGaussRadiusIndirect: 5
    m_PVRFilteringGaussRadiusAO: 2
    m_PVRFilteringAtrousPositionSigmaDirect: 0.5
    m_PVRFilteringAtrousPositionSigmaIndirect: 2
    m_PVRFilteringAtrousPositionSigmaAO: 1
    m_ShowResolutionOverlay: 1
  m_LightingDataAsset: {fileID: 0}
  m_UseShadowmask: 1
--- !u!196 &4
NavMeshSettings:
  serializedVersion: 2
  m_ObjectHideFlags: 0
  m_BuildSettings:
    serializedVersion: 2
    agentTypeID: 0
    agentRadius: 0.5
    agentHeight: 2
    agentSlope: 45
    agentClimb: 0.4
    ledgeDropHeight: 0
    maxJumpAcrossDistance: 0
    minRegionArea: 2
    manualCellSize: 0
    cellSize: 0.16666667
    manualTileSize: 0
    tileSize: 256
    accuratePlacement: 0
    debug:
      m_Flags: 0
  m_NavMeshData: {fileID: 0}
--- !u!43 &158066741
Mesh:
  m_ObjectHideFlags: 0
  m_CorrespondingSourceObject: {fileID: 0}
  m_PrefabInstance: {fileID: 0}
  m_PrefabAsset: {fileID: 0}
  m_Name: ImageTargetMesh24006
  serializedVersion: 9
  m_SubMeshes:
  - serializedVersion: 2
    firstByte: 0
    indexCount: 6
    topology: 0
    baseVertex: 0
    firstVertex: 0
    vertexCount: 4
    localAABB:
      m_Center: {x: 0, y: 0, z: 0}
      m_Extent: {x: 0.5, y: 0, z: 0.17997198}
  m_Shapes:
    vertices: []
    shapes: []
    channels: []
    fullWeights: []
  m_BindPose: []
  m_BoneNameHashes: 
  m_RootBoneNameHash: 0
  m_MeshCompression: 0
  m_IsReadable: 1
  m_KeepVertices: 1
  m_KeepIndices: 1
  m_IndexFormat: 0
  m_IndexBuffer: 000001000200020001000300
  m_VertexData:
    serializedVersion: 2
    m_VertexCount: 4
    m_Channels:
    - stream: 0
      offset: 0
      format: 0
      dimension: 3
    - stream: 0
      offset: 12
      format: 0
      dimension: 3
    - stream: 0
      offset: 0
      format: 0
      dimension: 0
    - stream: 0
      offset: 0
      format: 0
      dimension: 0
    - stream: 0
      offset: 24
      format: 0
      dimension: 2
    - stream: 0
      offset: 0
      format: 0
      dimension: 0
    - stream: 0
      offset: 0
      format: 0
      dimension: 0
    - stream: 0
      offset: 0
      format: 0
      dimension: 0
    - stream: 0
      offset: 0
      format: 0
      dimension: 0
    - stream: 0
      offset: 0
      format: 0
      dimension: 0
    - stream: 0
      offset: 0
      format: 0
      dimension: 0
    - stream: 0
      offset: 0
      format: 0
      dimension: 0
    - stream: 0
      offset: 0
      format: 0
      dimension: 0
    - stream: 0
      offset: 0
      format: 0
      dimension: 0
    m_DataSize: 128
    _typelessdata: 000000bf00000000934a38be000000000000803f000000000000000000000000000000bf00000000934a383e000000000000803f00000000000000000000803f0000003f00000000934a38be000000000000803f000000000000803f000000000000003f00000000934a383e000000000000803f000000000000803f0000803f
  m_CompressedMesh:
    m_Vertices:
      m_NumItems: 0
      m_Range: 0
      m_Start: 0
      m_Data: 
      m_BitSize: 0
    m_UV:
      m_NumItems: 0
      m_Range: 0
      m_Start: 0
      m_Data: 
      m_BitSize: 0
    m_Normals:
      m_NumItems: 0
      m_Range: 0
      m_Start: 0
      m_Data: 
      m_BitSize: 0
    m_Tangents:
      m_NumItems: 0
      m_Range: 0
      m_Start: 0
      m_Data: 
      m_BitSize: 0
    m_Weights:
      m_NumItems: 0
      m_Data: 
      m_BitSize: 0
    m_NormalSigns:
      m_NumItems: 0
      m_Data: 
      m_BitSize: 0
    m_TangentSigns:
      m_NumItems: 0
      m_Data: 
      m_BitSize: 0
    m_FloatColors:
      m_NumItems: 0
      m_Range: 0
      m_Start: 0
      m_Data: 
      m_BitSize: 0
    m_BoneIndices:
      m_NumItems: 0
      m_Data: 
      m_BitSize: 0
    m_Triangles:
      m_NumItems: 0
      m_Data: 
      m_BitSize: 0
    m_UVInfo: 0
  m_LocalAABB:
    m_Center: {x: 0, y: 0, z: 0}
    m_Extent: {x: 0.5, y: 0, z: 0.17997198}
  m_MeshUsageFlags: 0
  m_BakedConvexCollisionMesh: 
  m_BakedTriangleCollisionMesh: 
  m_MeshMetrics[0]: 1
  m_MeshMetrics[1]: 1
  m_MeshOptimized: 0
  m_StreamData:
    offset: 0
    size: 0
    path: 
--- !u!1001 &378852375
PrefabInstance:
  m_ObjectHideFlags: 0
  serializedVersion: 2
  m_Modification:
    m_TransformParent: {fileID: 0}
    m_Modifications:
    - target: {fileID: 7530984689131205431, guid: 4cf77ac38a44b1e4085132c13de5ad25,
        type: 3}
      propertyPath: m_Name
      value: UI
      objectReference: {fileID: 0}
    - target: {fileID: 7530984689131205384, guid: 4cf77ac38a44b1e4085132c13de5ad25,
        type: 3}
      propertyPath: m_LocalPosition.x
      value: 0
      objectReference: {fileID: 0}
    - target: {fileID: 7530984689131205384, guid: 4cf77ac38a44b1e4085132c13de5ad25,
        type: 3}
      propertyPath: m_LocalPosition.y
      value: 0
      objectReference: {fileID: 0}
    - target: {fileID: 7530984689131205384, guid: 4cf77ac38a44b1e4085132c13de5ad25,
        type: 3}
      propertyPath: m_LocalPosition.z
      value: 0
      objectReference: {fileID: 0}
    - target: {fileID: 7530984689131205384, guid: 4cf77ac38a44b1e4085132c13de5ad25,
        type: 3}
      propertyPath: m_LocalRotation.x
      value: 0
      objectReference: {fileID: 0}
    - target: {fileID: 7530984689131205384, guid: 4cf77ac38a44b1e4085132c13de5ad25,
        type: 3}
      propertyPath: m_LocalRotation.y
      value: 0
      objectReference: {fileID: 0}
    - target: {fileID: 7530984689131205384, guid: 4cf77ac38a44b1e4085132c13de5ad25,
        type: 3}
      propertyPath: m_LocalRotation.z
      value: 0
      objectReference: {fileID: 0}
    - target: {fileID: 7530984689131205384, guid: 4cf77ac38a44b1e4085132c13de5ad25,
        type: 3}
      propertyPath: m_LocalRotation.w
      value: 1
      objectReference: {fileID: 0}
    - target: {fileID: 7530984689131205384, guid: 4cf77ac38a44b1e4085132c13de5ad25,
        type: 3}
      propertyPath: m_RootOrder
      value: 5
      objectReference: {fileID: 0}
    - target: {fileID: 7530984689131205384, guid: 4cf77ac38a44b1e4085132c13de5ad25,
        type: 3}
      propertyPath: m_LocalEulerAnglesHint.x
      value: 0
      objectReference: {fileID: 0}
    - target: {fileID: 7530984689131205384, guid: 4cf77ac38a44b1e4085132c13de5ad25,
        type: 3}
      propertyPath: m_LocalEulerAnglesHint.y
      value: 0
      objectReference: {fileID: 0}
    - target: {fileID: 7530984689131205384, guid: 4cf77ac38a44b1e4085132c13de5ad25,
        type: 3}
      propertyPath: m_LocalEulerAnglesHint.z
      value: 0
      objectReference: {fileID: 0}
    - target: {fileID: 7530984689131205384, guid: 4cf77ac38a44b1e4085132c13de5ad25,
        type: 3}
      propertyPath: m_AnchoredPosition.x
      value: 0
      objectReference: {fileID: 0}
    - target: {fileID: 7530984689131205384, guid: 4cf77ac38a44b1e4085132c13de5ad25,
        type: 3}
      propertyPath: m_AnchoredPosition.y
      value: 0
      objectReference: {fileID: 0}
    - target: {fileID: 7530984689131205384, guid: 4cf77ac38a44b1e4085132c13de5ad25,
        type: 3}
      propertyPath: m_SizeDelta.x
      value: 0
      objectReference: {fileID: 0}
    - target: {fileID: 7530984689131205384, guid: 4cf77ac38a44b1e4085132c13de5ad25,
        type: 3}
      propertyPath: m_SizeDelta.y
      value: 0
      objectReference: {fileID: 0}
    - target: {fileID: 7530984689131205384, guid: 4cf77ac38a44b1e4085132c13de5ad25,
        type: 3}
      propertyPath: m_AnchorMin.x
      value: 0
      objectReference: {fileID: 0}
    - target: {fileID: 7530984689131205384, guid: 4cf77ac38a44b1e4085132c13de5ad25,
        type: 3}
      propertyPath: m_AnchorMin.y
      value: 0
      objectReference: {fileID: 0}
    - target: {fileID: 7530984689131205384, guid: 4cf77ac38a44b1e4085132c13de5ad25,
        type: 3}
      propertyPath: m_AnchorMax.x
      value: 0
      objectReference: {fileID: 0}
    - target: {fileID: 7530984689131205384, guid: 4cf77ac38a44b1e4085132c13de5ad25,
        type: 3}
      propertyPath: m_AnchorMax.y
      value: 0
      objectReference: {fileID: 0}
    - target: {fileID: 7530984689131205384, guid: 4cf77ac38a44b1e4085132c13de5ad25,
        type: 3}
      propertyPath: m_Pivot.x
      value: 0
      objectReference: {fileID: 0}
    - target: {fileID: 7530984689131205384, guid: 4cf77ac38a44b1e4085132c13de5ad25,
        type: 3}
      propertyPath: m_Pivot.y
      value: 0
      objectReference: {fileID: 0}
    - target: {fileID: 7530984689131205428, guid: 4cf77ac38a44b1e4085132c13de5ad25,
        type: 3}
      propertyPath: recordColor.Array.size
      value: 2
      objectReference: {fileID: 0}
    - target: {fileID: 7530984689131205428, guid: 4cf77ac38a44b1e4085132c13de5ad25,
        type: 3}
      propertyPath: recordColor.Array.data[0].r
      value: 0.7830189
      objectReference: {fileID: 0}
    - target: {fileID: 7530984689131205428, guid: 4cf77ac38a44b1e4085132c13de5ad25,
        type: 3}
      propertyPath: recordColor.Array.data[0].g
      value: 0.74310035
      objectReference: {fileID: 0}
    - target: {fileID: 7530984689131205428, guid: 4cf77ac38a44b1e4085132c13de5ad25,
        type: 3}
      propertyPath: recordColor.Array.data[0].b
      value: 0
      objectReference: {fileID: 0}
    - target: {fileID: 7530984689131205428, guid: 4cf77ac38a44b1e4085132c13de5ad25,
        type: 3}
      propertyPath: recordColor.Array.data[0].a
      value: 1
      objectReference: {fileID: 0}
    - target: {fileID: 7530984689131205428, guid: 4cf77ac38a44b1e4085132c13de5ad25,
        type: 3}
      propertyPath: recordColor.Array.data[1].r
      value: 0.6603774
      objectReference: {fileID: 0}
    - target: {fileID: 7530984689131205428, guid: 4cf77ac38a44b1e4085132c13de5ad25,
        type: 3}
      propertyPath: recordColor.Array.data[1].g
      value: 0.07084692
      objectReference: {fileID: 0}
    - target: {fileID: 7530984689131205428, guid: 4cf77ac38a44b1e4085132c13de5ad25,
        type: 3}
      propertyPath: recordColor.Array.data[1].b
      value: 0
      objectReference: {fileID: 0}
    - target: {fileID: 7530984689131205428, guid: 4cf77ac38a44b1e4085132c13de5ad25,
        type: 3}
      propertyPath: recordColor.Array.data[1].a
      value: 1
      objectReference: {fileID: 0}
    - target: {fileID: 7530984689131205428, guid: 4cf77ac38a44b1e4085132c13de5ad25,
        type: 3}
      propertyPath: recordButtonImage
      value: 
      objectReference: {fileID: 1755844471}
    - target: {fileID: 7530984689490135034, guid: 4cf77ac38a44b1e4085132c13de5ad25,
        type: 3}
      propertyPath: m_AnchoredPosition.y
      value: 1.3499756
      objectReference: {fileID: 0}
    - target: {fileID: 7530984689490135034, guid: 4cf77ac38a44b1e4085132c13de5ad25,
        type: 3}
      propertyPath: m_SizeDelta.y
      value: -2.7
      objectReference: {fileID: 0}
    - target: {fileID: 7530984689490135034, guid: 4cf77ac38a44b1e4085132c13de5ad25,
        type: 3}
      propertyPath: m_AnchoredPosition.x
      value: -1
      objectReference: {fileID: 0}
    - target: {fileID: 7530984689490135034, guid: 4cf77ac38a44b1e4085132c13de5ad25,
        type: 3}
      propertyPath: m_SizeDelta.x
      value: -2
      objectReference: {fileID: 0}
    - target: {fileID: 7530984689490135034, guid: 4cf77ac38a44b1e4085132c13de5ad25,
        type: 3}
      propertyPath: m_LocalRotation.x
      value: 0
      objectReference: {fileID: 0}
    - target: {fileID: 7530984689490135034, guid: 4cf77ac38a44b1e4085132c13de5ad25,
        type: 3}
      propertyPath: m_LocalRotation.y
      value: 0
      objectReference: {fileID: 0}
    - target: {fileID: 7530984689490135034, guid: 4cf77ac38a44b1e4085132c13de5ad25,
        type: 3}
      propertyPath: m_LocalRotation.z
      value: 0
      objectReference: {fileID: 0}
    - target: {fileID: 7530984689490135034, guid: 4cf77ac38a44b1e4085132c13de5ad25,
        type: 3}
      propertyPath: m_LocalRotation.w
      value: 1
      objectReference: {fileID: 0}
    - target: {fileID: 7530984689490135034, guid: 4cf77ac38a44b1e4085132c13de5ad25,
        type: 3}
      propertyPath: m_LocalEulerAnglesHint.z
      value: 0
      objectReference: {fileID: 0}
    - target: {fileID: 7530984689875214737, guid: 4cf77ac38a44b1e4085132c13de5ad25,
        type: 3}
      propertyPath: m_AnchoredPosition.x
      value: 1.7749939
      objectReference: {fileID: 0}
    - target: {fileID: 7530984689875214737, guid: 4cf77ac38a44b1e4085132c13de5ad25,
        type: 3}
      propertyPath: m_AnchoredPosition.y
      value: 0.007446289
      objectReference: {fileID: 0}
    - target: {fileID: 7530984689875214737, guid: 4cf77ac38a44b1e4085132c13de5ad25,
        type: 3}
      propertyPath: m_SizeDelta.x
      value: -3.55
      objectReference: {fileID: 0}
    - target: {fileID: 7530984689875214737, guid: 4cf77ac38a44b1e4085132c13de5ad25,
        type: 3}
      propertyPath: m_SizeDelta.y
      value: -5.415
      objectReference: {fileID: 0}
    - target: {fileID: 7530984689490135035, guid: 4cf77ac38a44b1e4085132c13de5ad25,
        type: 3}
      propertyPath: m_Colors.m_NormalColor.a
      value: 1
      objectReference: {fileID: 0}
    - target: {fileID: 7530984689875214742, guid: 4cf77ac38a44b1e4085132c13de5ad25,
        type: 3}
      propertyPath: m_OnClick.m_PersistentCalls.m_Calls.Array.size
      value: 2
      objectReference: {fileID: 0}
    - target: {fileID: 7530984689875214742, guid: 4cf77ac38a44b1e4085132c13de5ad25,
        type: 3}
      propertyPath: m_Colors.m_NormalColor.a
      value: 1
      objectReference: {fileID: 0}
    - target: {fileID: 7530984689875214742, guid: 4cf77ac38a44b1e4085132c13de5ad25,
        type: 3}
      propertyPath: m_OnClick.m_PersistentCalls.m_Calls.Array.data[1].m_Mode
      value: 6
      objectReference: {fileID: 0}
    - target: {fileID: 7530984689875214742, guid: 4cf77ac38a44b1e4085132c13de5ad25,
        type: 3}
      propertyPath: m_OnClick.m_PersistentCalls.m_Calls.Array.data[1].m_CallState
      value: 2
      objectReference: {fileID: 0}
    - target: {fileID: 7530984689875214742, guid: 4cf77ac38a44b1e4085132c13de5ad25,
        type: 3}
      propertyPath: m_OnClick.m_PersistentCalls.m_Calls.Array.data[1].m_Target
      value: 
      objectReference: {fileID: 934717781}
    - target: {fileID: 7530984689875214742, guid: 4cf77ac38a44b1e4085132c13de5ad25,
        type: 3}
      propertyPath: m_OnClick.m_PersistentCalls.m_Calls.Array.data[1].m_MethodName
      value: SetActive
      objectReference: {fileID: 0}
    - target: {fileID: 7530984689875214742, guid: 4cf77ac38a44b1e4085132c13de5ad25,
        type: 3}
      propertyPath: m_OnClick.m_PersistentCalls.m_Calls.Array.data[1].m_Arguments.m_ObjectArgumentAssemblyTypeName
      value: UnityEngine.Object, UnityEngine
      objectReference: {fileID: 0}
    - target: {fileID: 7530984691166827404, guid: 4cf77ac38a44b1e4085132c13de5ad25,
        type: 3}
      propertyPath: m_OnClick.m_PersistentCalls.m_Calls.Array.size
      value: 2
      objectReference: {fileID: 0}
    - target: {fileID: 7530984691166827404, guid: 4cf77ac38a44b1e4085132c13de5ad25,
        type: 3}
      propertyPath: m_OnClick.m_PersistentCalls.m_Calls.Array.data[1].m_Mode
      value: 6
      objectReference: {fileID: 0}
    - target: {fileID: 7530984691166827404, guid: 4cf77ac38a44b1e4085132c13de5ad25,
        type: 3}
      propertyPath: m_OnClick.m_PersistentCalls.m_Calls.Array.data[1].m_CallState
      value: 2
      objectReference: {fileID: 0}
    - target: {fileID: 7530984691166827404, guid: 4cf77ac38a44b1e4085132c13de5ad25,
        type: 3}
      propertyPath: m_OnClick.m_PersistentCalls.m_Calls.Array.data[1].m_Target
      value: 
      objectReference: {fileID: 934717781}
    - target: {fileID: 7530984691166827404, guid: 4cf77ac38a44b1e4085132c13de5ad25,
        type: 3}
      propertyPath: m_OnClick.m_PersistentCalls.m_Calls.Array.data[1].m_MethodName
      value: SetActive
      objectReference: {fileID: 0}
    - target: {fileID: 7530984691166827404, guid: 4cf77ac38a44b1e4085132c13de5ad25,
        type: 3}
      propertyPath: m_OnClick.m_PersistentCalls.m_Calls.Array.data[1].m_Arguments.m_ObjectArgumentAssemblyTypeName
      value: UnityEngine.Object, UnityEngine
      objectReference: {fileID: 0}
    - target: {fileID: 7530984691166827404, guid: 4cf77ac38a44b1e4085132c13de5ad25,
        type: 3}
      propertyPath: m_OnClick.m_PersistentCalls.m_Calls.Array.data[1].m_Arguments.m_BoolArgument
      value: 1
      objectReference: {fileID: 0}
    - target: {fileID: 7530984689490135013, guid: 4cf77ac38a44b1e4085132c13de5ad25,
        type: 3}
      propertyPath: m_IsActive
      value: 1
      objectReference: {fileID: 0}
    - target: {fileID: 7530984689875214736, guid: 4cf77ac38a44b1e4085132c13de5ad25,
        type: 3}
      propertyPath: m_IsActive
      value: 1
      objectReference: {fileID: 0}
    - target: {fileID: 7530984689875214743, guid: 4cf77ac38a44b1e4085132c13de5ad25,
        type: 3}
      propertyPath: m_Sprite
      value: 
      objectReference: {fileID: 21300000, guid: 236f0d589d73f0c41a36050c10fedd93,
        type: 3}
    - target: {fileID: 7530984691166827406, guid: 4cf77ac38a44b1e4085132c13de5ad25,
        type: 3}
      propertyPath: m_IsActive
      value: 1
      objectReference: {fileID: 0}
    - target: {fileID: 7530984691166827405, guid: 4cf77ac38a44b1e4085132c13de5ad25,
        type: 3}
      propertyPath: m_Sprite
      value: 
      objectReference: {fileID: 21300000, guid: 3f3d8714997c61d488ad57e05822a5a6,
        type: 3}
    - target: {fileID: 1722690952587788785, guid: 4cf77ac38a44b1e4085132c13de5ad25,
        type: 3}
      propertyPath: m_AnchoredPosition.x
      value: 0.55999756
      objectReference: {fileID: 0}
    m_RemovedComponents: []
  m_SourcePrefab: {fileID: 100100000, guid: 4cf77ac38a44b1e4085132c13de5ad25, type: 3}
--- !u!1 &541830255
GameObject:
  m_ObjectHideFlags: 0
  m_CorrespondingSourceObject: {fileID: 0}
  m_PrefabInstance: {fileID: 0}
  m_PrefabAsset: {fileID: 0}
  serializedVersion: 6
  m_Component:
  - component: {fileID: 541830258}
  - component: {fileID: 541830257}
  - component: {fileID: 541830256}
  m_Layer: 0
  m_Name: NetworkObject
  m_TagString: Untagged
  m_Icon: {fileID: 0}
  m_NavMeshLayer: 0
  m_StaticEditorFlags: 0
  m_IsActive: 1
--- !u!114 &541830256
MonoBehaviour:
  m_ObjectHideFlags: 0
  m_CorrespondingSourceObject: {fileID: 0}
  m_PrefabInstance: {fileID: 0}
  m_PrefabAsset: {fileID: 0}
  m_GameObject: {fileID: 541830255}
  m_Enabled: 1
  m_EditorHideFlags: 0
  m_Script: {fileID: -822479833, guid: dc443db3e92b4983b9738c1131f555cb, type: 3}
  m_Name: 
  m_EditorClassIdentifier: 
  m_NetworkPort: 7777
  m_ServerBindToIP: 0
  m_ServerBindAddress: 
  m_NetworkAddress: localhost
  m_DontDestroyOnLoad: 1
  m_RunInBackground: 1
  m_ScriptCRCCheck: 1
  m_MaxDelay: 0.01
  m_LogLevel: 2
  m_PlayerPrefab: {fileID: 0}
  m_AutoCreatePlayer: 1
  m_PlayerSpawnMethod: 0
  m_OfflineScene: 
  m_OnlineScene: 
  m_SpawnPrefabs: []
  m_CustomConfig: 0
  m_MaxConnections: 4
  m_ConnectionConfig:
    m_PacketSize: 1440
    m_FragmentSize: 500
    m_ResendTimeout: 1200
    m_DisconnectTimeout: 2000
    m_ConnectTimeout: 2000
    m_MinUpdateTimeout: 10
    m_PingTimeout: 500
    m_ReducedPingTimeout: 100
    m_AllCostTimeout: 20
    m_NetworkDropThreshold: 5
    m_OverflowDropThreshold: 5
    m_MaxConnectionAttempt: 10
    m_AckDelay: 33
    m_SendDelay: 10
    m_MaxCombinedReliableMessageSize: 100
    m_MaxCombinedReliableMessageCount: 10
    m_MaxSentMessageQueueSize: 512
    m_AcksType: 1
    m_UsePlatformSpecificProtocols: 0
    m_InitialBandwidth: 0
    m_BandwidthPeakFactor: 2
    m_WebSocketReceiveBufferMaxSize: 0
    m_UdpSocketReceiveBufferMaxSize: 0
    m_SSLCertFilePath: 
    m_SSLPrivateKeyFilePath: 
    m_SSLCAFilePath: 
    m_Channels: []
  m_GlobalConfig:
    m_ThreadAwakeTimeout: 1
    m_ReactorModel: 0
    m_ReactorMaximumReceivedMessages: 1024
    m_ReactorMaximumSentMessages: 1024
    m_MaxPacketSize: 2000
    m_MaxHosts: 16
    m_ThreadPoolSize: 1
    m_MinTimerTimeout: 1
    m_MaxTimerTimeout: 12000
    m_MinNetSimulatorTimeout: 1
    m_MaxNetSimulatorTimeout: 12000
  m_Channels: 
  m_UseWebSockets: 0
  m_UseSimulator: 0
  m_SimulatedLatency: 1
  m_PacketLossPercentage: 0
  m_MaxBufferedPackets: 16
  m_AllowFragmentation: 1
  m_MatchHost: mm.unet.unity3d.com
  m_MatchPort: 443
  matchName: default
  matchSize: 4
  isNetworkActive: 0
  matchMaker: {fileID: 0}
--- !u!114 &541830257
MonoBehaviour:
  m_ObjectHideFlags: 0
  m_CorrespondingSourceObject: {fileID: 0}
  m_PrefabInstance: {fileID: 0}
  m_PrefabAsset: {fileID: 0}
  m_GameObject: {fileID: 541830255}
  m_Enabled: 1
  m_EditorHideFlags: 0
  m_Script: {fileID: 11500000, guid: 7cf05bd510d592c4caa616824fa68692, type: 3}
  m_Name: 
  m_EditorClassIdentifier: 
  m_NetworkMessage: 
--- !u!4 &541830258
Transform:
  m_ObjectHideFlags: 0
  m_CorrespondingSourceObject: {fileID: 0}
  m_PrefabInstance: {fileID: 0}
  m_PrefabAsset: {fileID: 0}
  m_GameObject: {fileID: 541830255}
  m_LocalRotation: {x: 0, y: 0, z: 0, w: 1}
  m_LocalPosition: {x: 12.167344, y: -4.054707, z: -15.273835}
  m_LocalScale: {x: 1, y: 1, z: 1}
  m_Children: []
  m_Father: {fileID: 0}
  m_RootOrder: 8
  m_LocalEulerAnglesHint: {x: 0, y: 0, z: 0}
--- !u!1001 &574577100
PrefabInstance:
  m_ObjectHideFlags: 0
  serializedVersion: 2
  m_Modification:
    m_TransformParent: {fileID: 0}
    m_Modifications:
    - target: {fileID: 131926, guid: d71ed4b044dcf4fc2acb032c3456a08e, type: 3}
      propertyPath: m_Name
      value: VSGIF
      objectReference: {fileID: 0}
    - target: {fileID: 131926, guid: d71ed4b044dcf4fc2acb032c3456a08e, type: 3}
      propertyPath: m_IsActive
      value: 1
      objectReference: {fileID: 0}
    - target: {fileID: 11490190, guid: d71ed4b044dcf4fc2acb032c3456a08e, type: 3}
      propertyPath: GIF_CANVAS
      value: 
      objectReference: {fileID: 652133540}
    - target: {fileID: 11490190, guid: d71ed4b044dcf4fc2acb032c3456a08e, type: 3}
      propertyPath: imageGIF
      value: 
      objectReference: {fileID: 652133541}
    - target: {fileID: 442962, guid: d71ed4b044dcf4fc2acb032c3456a08e, type: 3}
      propertyPath: m_LocalPosition.x
      value: 196
      objectReference: {fileID: 0}
    - target: {fileID: 442962, guid: d71ed4b044dcf4fc2acb032c3456a08e, type: 3}
      propertyPath: m_LocalPosition.y
      value: 348.5
      objectReference: {fileID: 0}
    - target: {fileID: 442962, guid: d71ed4b044dcf4fc2acb032c3456a08e, type: 3}
      propertyPath: m_LocalPosition.z
      value: 0
      objectReference: {fileID: 0}
    - target: {fileID: 442962, guid: d71ed4b044dcf4fc2acb032c3456a08e, type: 3}
      propertyPath: m_LocalRotation.x
      value: 0
      objectReference: {fileID: 0}
    - target: {fileID: 442962, guid: d71ed4b044dcf4fc2acb032c3456a08e, type: 3}
      propertyPath: m_LocalRotation.y
      value: 0
      objectReference: {fileID: 0}
    - target: {fileID: 442962, guid: d71ed4b044dcf4fc2acb032c3456a08e, type: 3}
      propertyPath: m_LocalRotation.z
      value: 0
      objectReference: {fileID: 0}
    - target: {fileID: 442962, guid: d71ed4b044dcf4fc2acb032c3456a08e, type: 3}
      propertyPath: m_LocalRotation.w
      value: 1
      objectReference: {fileID: 0}
    - target: {fileID: 442962, guid: d71ed4b044dcf4fc2acb032c3456a08e, type: 3}
      propertyPath: m_RootOrder
      value: 3
      objectReference: {fileID: 0}
    - target: {fileID: 442962, guid: d71ed4b044dcf4fc2acb032c3456a08e, type: 3}
      propertyPath: m_LocalEulerAnglesHint.x
      value: 0
      objectReference: {fileID: 0}
    - target: {fileID: 442962, guid: d71ed4b044dcf4fc2acb032c3456a08e, type: 3}
      propertyPath: m_LocalEulerAnglesHint.y
      value: 0
      objectReference: {fileID: 0}
    - target: {fileID: 442962, guid: d71ed4b044dcf4fc2acb032c3456a08e, type: 3}
      propertyPath: m_LocalEulerAnglesHint.z
      value: 0
      objectReference: {fileID: 0}
    m_RemovedComponents: []
  m_SourcePrefab: {fileID: 100100000, guid: d71ed4b044dcf4fc2acb032c3456a08e, type: 3}
--- !u!114 &574577101 stripped
MonoBehaviour:
  m_CorrespondingSourceObject: {fileID: 11490190, guid: d71ed4b044dcf4fc2acb032c3456a08e,
    type: 3}
  m_PrefabInstance: {fileID: 574577100}
  m_PrefabAsset: {fileID: 0}
  m_GameObject: {fileID: 0}
  m_Enabled: 1
  m_EditorHideFlags: 0
  m_Script: {fileID: 11500000, guid: 4b7eba6f6dc514c96aeca57c2878cc96, type: 3}
  m_Name: 
  m_EditorClassIdentifier: 
--- !u!1001 &652133539
PrefabInstance:
  m_ObjectHideFlags: 0
  serializedVersion: 2
  m_Modification:
    m_TransformParent: {fileID: 0}
    m_Modifications:
    - target: {fileID: 141934, guid: 19041f8450e1340148d14c59cd0907b1, type: 3}
      propertyPath: m_Name
      value: CanvasVSGIF
      objectReference: {fileID: 0}
    - target: {fileID: 22483848, guid: 19041f8450e1340148d14c59cd0907b1, type: 3}
      propertyPath: m_LocalPosition.x
      value: 0
      objectReference: {fileID: 0}
    - target: {fileID: 22483848, guid: 19041f8450e1340148d14c59cd0907b1, type: 3}
      propertyPath: m_LocalPosition.y
      value: 0
      objectReference: {fileID: 0}
    - target: {fileID: 22483848, guid: 19041f8450e1340148d14c59cd0907b1, type: 3}
      propertyPath: m_LocalPosition.z
      value: 0
      objectReference: {fileID: 0}
    - target: {fileID: 22483848, guid: 19041f8450e1340148d14c59cd0907b1, type: 3}
      propertyPath: m_LocalRotation.x
      value: 0
      objectReference: {fileID: 0}
    - target: {fileID: 22483848, guid: 19041f8450e1340148d14c59cd0907b1, type: 3}
      propertyPath: m_LocalRotation.y
      value: 0
      objectReference: {fileID: 0}
    - target: {fileID: 22483848, guid: 19041f8450e1340148d14c59cd0907b1, type: 3}
      propertyPath: m_LocalRotation.z
      value: 0
      objectReference: {fileID: 0}
    - target: {fileID: 22483848, guid: 19041f8450e1340148d14c59cd0907b1, type: 3}
      propertyPath: m_LocalRotation.w
      value: 1
      objectReference: {fileID: 0}
    - target: {fileID: 22483848, guid: 19041f8450e1340148d14c59cd0907b1, type: 3}
      propertyPath: m_RootOrder
      value: 4
      objectReference: {fileID: 0}
    - target: {fileID: 22483848, guid: 19041f8450e1340148d14c59cd0907b1, type: 3}
      propertyPath: m_LocalEulerAnglesHint.x
      value: 0
      objectReference: {fileID: 0}
    - target: {fileID: 22483848, guid: 19041f8450e1340148d14c59cd0907b1, type: 3}
      propertyPath: m_LocalEulerAnglesHint.y
      value: 0
      objectReference: {fileID: 0}
    - target: {fileID: 22483848, guid: 19041f8450e1340148d14c59cd0907b1, type: 3}
      propertyPath: m_LocalEulerAnglesHint.z
      value: 0
      objectReference: {fileID: 0}
    - target: {fileID: 22483848, guid: 19041f8450e1340148d14c59cd0907b1, type: 3}
      propertyPath: m_AnchoredPosition.x
      value: 0
      objectReference: {fileID: 0}
    - target: {fileID: 22483848, guid: 19041f8450e1340148d14c59cd0907b1, type: 3}
      propertyPath: m_AnchoredPosition.y
      value: 0
      objectReference: {fileID: 0}
    - target: {fileID: 22483848, guid: 19041f8450e1340148d14c59cd0907b1, type: 3}
      propertyPath: m_SizeDelta.x
      value: 0
      objectReference: {fileID: 0}
    - target: {fileID: 22483848, guid: 19041f8450e1340148d14c59cd0907b1, type: 3}
      propertyPath: m_SizeDelta.y
      value: 0
      objectReference: {fileID: 0}
    - target: {fileID: 22483848, guid: 19041f8450e1340148d14c59cd0907b1, type: 3}
      propertyPath: m_AnchorMin.x
      value: 0
      objectReference: {fileID: 0}
    - target: {fileID: 22483848, guid: 19041f8450e1340148d14c59cd0907b1, type: 3}
      propertyPath: m_AnchorMin.y
      value: 0
      objectReference: {fileID: 0}
    - target: {fileID: 22483848, guid: 19041f8450e1340148d14c59cd0907b1, type: 3}
      propertyPath: m_AnchorMax.x
      value: 0
      objectReference: {fileID: 0}
    - target: {fileID: 22483848, guid: 19041f8450e1340148d14c59cd0907b1, type: 3}
      propertyPath: m_AnchorMax.y
      value: 0
      objectReference: {fileID: 0}
    - target: {fileID: 22483848, guid: 19041f8450e1340148d14c59cd0907b1, type: 3}
      propertyPath: m_Pivot.x
      value: 0
      objectReference: {fileID: 0}
    - target: {fileID: 22483848, guid: 19041f8450e1340148d14c59cd0907b1, type: 3}
      propertyPath: m_Pivot.y
      value: 0
      objectReference: {fileID: 0}
    - target: {fileID: 1822146511, guid: 19041f8450e1340148d14c59cd0907b1, type: 3}
      propertyPath: m_Sprite
      value: 
      objectReference: {fileID: 21300000, guid: 236f0d589d73f0c41a36050c10fedd93,
        type: 3}
    m_RemovedComponents: []
  m_SourcePrefab: {fileID: 100100000, guid: 19041f8450e1340148d14c59cd0907b1, type: 3}
--- !u!1 &652133540 stripped
GameObject:
  m_CorrespondingSourceObject: {fileID: 141934, guid: 19041f8450e1340148d14c59cd0907b1,
    type: 3}
  m_PrefabInstance: {fileID: 652133539}
  m_PrefabAsset: {fileID: 0}
--- !u!114 &652133541 stripped
MonoBehaviour:
  m_CorrespondingSourceObject: {fileID: 11482128, guid: 19041f8450e1340148d14c59cd0907b1,
    type: 3}
  m_PrefabInstance: {fileID: 652133539}
  m_PrefabAsset: {fileID: 0}
  m_GameObject: {fileID: 0}
  m_Enabled: 1
  m_EditorHideFlags: 0
  m_Script: {fileID: -765806418, guid: f5f67c52d1564df4a8936ccd202a3bd8, type: 3}
  m_Name: 
  m_EditorClassIdentifier: 
--- !u!1 &934717781 stripped
GameObject:
  m_CorrespondingSourceObject: {fileID: 8528056356989590327, guid: 2bb8c5adce5c5b142abce8ecbe31d42a,
    type: 3}
  m_PrefabInstance: {fileID: 8528056356091392610}
  m_PrefabAsset: {fileID: 0}
--- !u!114 &934717786 stripped
MonoBehaviour:
  m_CorrespondingSourceObject: {fileID: 8528056356989590328, guid: 2bb8c5adce5c5b142abce8ecbe31d42a,
    type: 3}
  m_PrefabInstance: {fileID: 8528056356091392610}
  m_PrefabAsset: {fileID: 0}
  m_GameObject: {fileID: 934717781}
  m_Enabled: 1
  m_EditorHideFlags: 0
  m_Script: {fileID: -1631628248, guid: bab6fa851cf5a1a4bba3cec5f191cb8e, type: 3}
  m_Name: 
  m_EditorClassIdentifier: 
--- !u!1 &1280964784
GameObject:
  m_ObjectHideFlags: 0
  m_CorrespondingSourceObject: {fileID: 0}
  m_PrefabInstance: {fileID: 0}
  m_PrefabAsset: {fileID: 0}
  serializedVersion: 6
  m_Component:
  - component: {fileID: 1280964786}
  - component: {fileID: 1280964785}
  m_Layer: 0
  m_Name: Directional Light
  m_TagString: Untagged
  m_Icon: {fileID: 0}
  m_NavMeshLayer: 0
  m_StaticEditorFlags: 0
  m_IsActive: 1
--- !u!108 &1280964785
Light:
  m_ObjectHideFlags: 0
  m_CorrespondingSourceObject: {fileID: 0}
  m_PrefabInstance: {fileID: 0}
  m_PrefabAsset: {fileID: 0}
  m_GameObject: {fileID: 1280964784}
  m_Enabled: 1
  serializedVersion: 8
  m_Type: 1
  m_Color: {r: 1, g: 0.95686275, b: 0.8392157, a: 1}
  m_Intensity: 1
  m_Range: 10
  m_SpotAngle: 30
  m_CookieSize: 10
  m_Shadows:
    m_Type: 2
    m_Resolution: -1
    m_CustomResolution: -1
    m_Strength: 1
    m_Bias: 0.05
    m_NormalBias: 0.4
    m_NearPlane: 0.2
  m_Cookie: {fileID: 0}
  m_DrawHalo: 0
  m_Flare: {fileID: 0}
  m_RenderMode: 0
  m_CullingMask:
    serializedVersion: 2
    m_Bits: 4294967295
  m_Lightmapping: 4
  m_LightShadowCasterMode: 0
  m_AreaSize: {x: 1, y: 1}
  m_BounceIntensity: 1
  m_ColorTemperature: 6570
  m_UseColorTemperature: 0
  m_ShadowRadius: 0
  m_ShadowAngle: 0
--- !u!4 &1280964786
Transform:
  m_ObjectHideFlags: 0
  m_CorrespondingSourceObject: {fileID: 0}
  m_PrefabInstance: {fileID: 0}
  m_PrefabAsset: {fileID: 0}
  m_GameObject: {fileID: 1280964784}
  m_LocalRotation: {x: 0.40821788, y: -0.23456968, z: 0.10938163, w: 0.8754261}
  m_LocalPosition: {x: 0, y: 3, z: 0}
  m_LocalScale: {x: 1, y: 1, z: 1}
  m_Children: []
  m_Father: {fileID: 0}
  m_RootOrder: 0
  m_LocalEulerAnglesHint: {x: 50, y: -30, z: 0}
--- !u!114 &1755844471 stripped
MonoBehaviour:
  m_CorrespondingSourceObject: {fileID: 7530984689490135032, guid: 4cf77ac38a44b1e4085132c13de5ad25,
    type: 3}
  m_PrefabInstance: {fileID: 378852375}
  m_PrefabAsset: {fileID: 0}
  m_GameObject: {fileID: 0}
  m_Enabled: 1
  m_EditorHideFlags: 0
  m_Script: {fileID: -765806418, guid: f70555f144d8491a825f0804e09c671c, type: 3}
  m_Name: 
  m_EditorClassIdentifier: 
--- !u!1 &1796117017
GameObject:
  m_ObjectHideFlags: 0
  m_CorrespondingSourceObject: {fileID: 0}
  m_PrefabInstance: {fileID: 0}
  m_PrefabAsset: {fileID: 0}
  serializedVersion: 6
  m_Component:
  - component: {fileID: 1796117020}
  - component: {fileID: 1796117019}
  - component: {fileID: 1796117018}
  m_Layer: 0
  m_Name: EventSystem
  m_TagString: Untagged
  m_Icon: {fileID: 0}
  m_NavMeshLayer: 0
  m_StaticEditorFlags: 0
  m_IsActive: 1
--- !u!114 &1796117018
MonoBehaviour:
  m_ObjectHideFlags: 0
  m_CorrespondingSourceObject: {fileID: 0}
  m_PrefabInstance: {fileID: 0}
  m_PrefabAsset: {fileID: 0}
  m_GameObject: {fileID: 1796117017}
  m_Enabled: 1
  m_EditorHideFlags: 0
  m_Script: {fileID: 1077351063, guid: f70555f144d8491a825f0804e09c671c, type: 3}
  m_Name: 
  m_EditorClassIdentifier: 
  m_HorizontalAxis: Horizontal
  m_VerticalAxis: Vertical
  m_SubmitButton: Submit
  m_CancelButton: Cancel
  m_InputActionsPerSecond: 10
  m_RepeatDelay: 0.5
  m_ForceModuleActive: 0
--- !u!114 &1796117019
MonoBehaviour:
  m_ObjectHideFlags: 0
  m_CorrespondingSourceObject: {fileID: 0}
  m_PrefabInstance: {fileID: 0}
  m_PrefabAsset: {fileID: 0}
  m_GameObject: {fileID: 1796117017}
  m_Enabled: 1
  m_EditorHideFlags: 0
  m_Script: {fileID: -619905303, guid: f70555f144d8491a825f0804e09c671c, type: 3}
  m_Name: 
  m_EditorClassIdentifier: 
  m_FirstSelected: {fileID: 0}
  m_sendNavigationEvents: 1
  m_DragThreshold: 10
--- !u!4 &1796117020
Transform:
  m_ObjectHideFlags: 0
  m_CorrespondingSourceObject: {fileID: 0}
  m_PrefabInstance: {fileID: 0}
  m_PrefabAsset: {fileID: 0}
  m_GameObject: {fileID: 1796117017}
  m_LocalRotation: {x: 0, y: 0, z: 0, w: 1}
  m_LocalPosition: {x: 0, y: 0, z: 0}
  m_LocalScale: {x: 1, y: 1, z: 1}
  m_Children: []
  m_Father: {fileID: 0}
  m_RootOrder: 6
  m_LocalEulerAnglesHint: {x: 0, y: 0, z: 0}
--- !u!21 &1970337683
Material:
  serializedVersion: 6
  m_ObjectHideFlags: 0
  m_CorrespondingSourceObject: {fileID: 0}
  m_PrefabInstance: {fileID: 0}
  m_PrefabAsset: {fileID: 0}
  m_Name: 'AllADreamMaterial

    24008'
  m_Shader: {fileID: 10752, guid: 0000000000000000f000000000000000, type: 0}
  m_ShaderKeywords: 
  m_LightmapFlags: 5
  m_EnableInstancingVariants: 0
  m_DoubleSidedGI: 0
  m_CustomRenderQueue: -1
  stringTagMap: {}
  disabledShaderPasses: []
  m_SavedProperties:
    serializedVersion: 3
    m_TexEnvs:
    - _MainTex:
        m_Texture: {fileID: 2800000, guid: fcccb60347f14c07999cc54c9bbb4691, type: 3}
        m_Scale: {x: 1, y: 1}
        m_Offset: {x: 0, y: 0}
    m_Floats: []
    m_Colors:
    - _Color: {r: 0.82089555, g: 0.82089555, b: 0.82089555, a: 1}
--- !u!1001 &400760813506985329
PrefabInstance:
  m_ObjectHideFlags: 0
  serializedVersion: 2
  m_Modification:
    m_TransformParent: {fileID: 0}
    m_Modifications:
    - target: {fileID: 400760813521637063, guid: fbc3e838cb12c664d96118aba42b19be,
        type: 3}
      propertyPath: m_Name
      value: ARCamera
      objectReference: {fileID: 0}
    - target: {fileID: 400760813521637066, guid: fbc3e838cb12c664d96118aba42b19be,
        type: 3}
      propertyPath: m_LocalPosition.x
      value: 0
      objectReference: {fileID: 0}
    - target: {fileID: 400760813521637066, guid: fbc3e838cb12c664d96118aba42b19be,
        type: 3}
      propertyPath: m_LocalPosition.y
      value: 0
      objectReference: {fileID: 0}
    - target: {fileID: 400760813521637066, guid: fbc3e838cb12c664d96118aba42b19be,
        type: 3}
      propertyPath: m_LocalPosition.z
      value: 0
      objectReference: {fileID: 0}
    - target: {fileID: 400760813521637066, guid: fbc3e838cb12c664d96118aba42b19be,
        type: 3}
      propertyPath: m_LocalRotation.x
      value: 0
      objectReference: {fileID: 0}
    - target: {fileID: 400760813521637066, guid: fbc3e838cb12c664d96118aba42b19be,
        type: 3}
      propertyPath: m_LocalRotation.y
      value: 0
      objectReference: {fileID: 0}
    - target: {fileID: 400760813521637066, guid: fbc3e838cb12c664d96118aba42b19be,
        type: 3}
      propertyPath: m_LocalRotation.z
      value: 0
      objectReference: {fileID: 0}
    - target: {fileID: 400760813521637066, guid: fbc3e838cb12c664d96118aba42b19be,
        type: 3}
      propertyPath: m_LocalRotation.w
      value: 1
      objectReference: {fileID: 0}
    - target: {fileID: 400760813521637066, guid: fbc3e838cb12c664d96118aba42b19be,
        type: 3}
      propertyPath: m_RootOrder
      value: 1
      objectReference: {fileID: 0}
    - target: {fileID: 400760813521637066, guid: fbc3e838cb12c664d96118aba42b19be,
        type: 3}
      propertyPath: m_LocalEulerAnglesHint.x
      value: 0
      objectReference: {fileID: 0}
    - target: {fileID: 400760813521637066, guid: fbc3e838cb12c664d96118aba42b19be,
        type: 3}
      propertyPath: m_LocalEulerAnglesHint.y
      value: 0
      objectReference: {fileID: 0}
    - target: {fileID: 400760813521637066, guid: fbc3e838cb12c664d96118aba42b19be,
        type: 3}
      propertyPath: m_LocalEulerAnglesHint.z
      value: 0
      objectReference: {fileID: 0}
    - target: {fileID: 400760813521637065, guid: fbc3e838cb12c664d96118aba42b19be,
        type: 3}
      propertyPath: mWorldCenter
      value: 
      objectReference: {fileID: 934717786}
    - target: {fileID: 400760813521637071, guid: fbc3e838cb12c664d96118aba42b19be,
        type: 3}
      propertyPath: gifElement
      value: 
      objectReference: {fileID: 574577101}
    m_RemovedComponents: []
  m_SourcePrefab: {fileID: 100100000, guid: fbc3e838cb12c664d96118aba42b19be, type: 3}
--- !u!1001 &8528056356091392610
PrefabInstance:
  m_ObjectHideFlags: 0
  serializedVersion: 2
  m_Modification:
    m_TransformParent: {fileID: 0}
    m_Modifications:
    - target: {fileID: 8528056356989590327, guid: 2bb8c5adce5c5b142abce8ecbe31d42a,
        type: 3}
      propertyPath: m_Name
      value: ImageTarget
      objectReference: {fileID: 0}
    - target: {fileID: 8528056356989590329, guid: 2bb8c5adce5c5b142abce8ecbe31d42a,
        type: 3}
      propertyPath: m_LocalPosition.x
      value: 0
      objectReference: {fileID: 0}
    - target: {fileID: 8528056356989590329, guid: 2bb8c5adce5c5b142abce8ecbe31d42a,
        type: 3}
      propertyPath: m_LocalPosition.y
      value: 0
      objectReference: {fileID: 0}
    - target: {fileID: 8528056356989590329, guid: 2bb8c5adce5c5b142abce8ecbe31d42a,
        type: 3}
      propertyPath: m_LocalPosition.z
      value: 0
      objectReference: {fileID: 0}
    - target: {fileID: 8528056356989590329, guid: 2bb8c5adce5c5b142abce8ecbe31d42a,
        type: 3}
      propertyPath: m_LocalRotation.x
      value: -0.7071068
      objectReference: {fileID: 0}
    - target: {fileID: 8528056356989590329, guid: 2bb8c5adce5c5b142abce8ecbe31d42a,
        type: 3}
      propertyPath: m_LocalRotation.y
      value: 0
      objectReference: {fileID: 0}
    - target: {fileID: 8528056356989590329, guid: 2bb8c5adce5c5b142abce8ecbe31d42a,
        type: 3}
      propertyPath: m_LocalRotation.z
      value: 0
      objectReference: {fileID: 0}
    - target: {fileID: 8528056356989590329, guid: 2bb8c5adce5c5b142abce8ecbe31d42a,
        type: 3}
      propertyPath: m_LocalRotation.w
      value: 0.7071068
      objectReference: {fileID: 0}
    - target: {fileID: 8528056356989590329, guid: 2bb8c5adce5c5b142abce8ecbe31d42a,
        type: 3}
      propertyPath: m_RootOrder
      value: 2
      objectReference: {fileID: 0}
    - target: {fileID: 8528056356989590329, guid: 2bb8c5adce5c5b142abce8ecbe31d42a,
        type: 3}
      propertyPath: m_LocalEulerAnglesHint.x
      value: -90
      objectReference: {fileID: 0}
    - target: {fileID: 8528056356989590329, guid: 2bb8c5adce5c5b142abce8ecbe31d42a,
        type: 3}
      propertyPath: m_LocalEulerAnglesHint.y
      value: 0
      objectReference: {fileID: 0}
    - target: {fileID: 8528056356989590329, guid: 2bb8c5adce5c5b142abce8ecbe31d42a,
        type: 3}
      propertyPath: m_LocalEulerAnglesHint.z
      value: 0
      objectReference: {fileID: 0}
    - target: {fileID: 8528056356989590329, guid: 2bb8c5adce5c5b142abce8ecbe31d42a,
        type: 3}
      propertyPath: m_LocalScale.x
      value: 100
      objectReference: {fileID: 0}
    - target: {fileID: 8528056356989590329, guid: 2bb8c5adce5c5b142abce8ecbe31d42a,
        type: 3}
      propertyPath: m_LocalScale.y
      value: 100
      objectReference: {fileID: 0}
    - target: {fileID: 8528056356989590329, guid: 2bb8c5adce5c5b142abce8ecbe31d42a,
        type: 3}
      propertyPath: m_LocalScale.z
      value: 100
      objectReference: {fileID: 0}
    - target: {fileID: 8528056356989590325, guid: 2bb8c5adce5c5b142abce8ecbe31d42a,
        type: 3}
      propertyPath: m_Materials.Array.data[0]
      value: 
      objectReference: {fileID: 1970337683}
    - target: {fileID: 8528056356989590324, guid: 2bb8c5adce5c5b142abce8ecbe31d42a,
        type: 3}
      propertyPath: m_Mesh
      value: 
      objectReference: {fileID: 158066741}
    m_RemovedComponents: []
  m_SourcePrefab: {fileID: 100100000, guid: 2bb8c5adce5c5b142abce8ecbe31d42a, type: 3}
--- !u!1001 &8831032409631759076
PrefabInstance:
  m_ObjectHideFlags: 0
  serializedVersion: 2
  m_Modification:
    m_TransformParent: {fileID: 0}
    m_Modifications:
    - target: {fileID: 8831032409468121728, guid: fe33846bd2632b94ca1ba58d17c21cc6,
        type: 3}
      propertyPath: m_Name
      value: TeleportToHostBoxCenter
      objectReference: {fileID: 0}
    - target: {fileID: 8831032409468121731, guid: fe33846bd2632b94ca1ba58d17c21cc6,
        type: 3}
      propertyPath: m_LocalPosition.x
      value: 1.7
      objectReference: {fileID: 0}
    - target: {fileID: 8831032409468121731, guid: fe33846bd2632b94ca1ba58d17c21cc6,
        type: 3}
      propertyPath: m_LocalPosition.y
      value: -1.37
      objectReference: {fileID: 0}
    - target: {fileID: 8831032409468121731, guid: fe33846bd2632b94ca1ba58d17c21cc6,
        type: 3}
      propertyPath: m_LocalPosition.z
      value: -0.97
      objectReference: {fileID: 0}
    - target: {fileID: 8831032409468121731, guid: fe33846bd2632b94ca1ba58d17c21cc6,
        type: 3}
      propertyPath: m_LocalRotation.x
      value: -0.7071068
      objectReference: {fileID: 0}
    - target: {fileID: 8831032409468121731, guid: fe33846bd2632b94ca1ba58d17c21cc6,
        type: 3}
      propertyPath: m_LocalRotation.y
      value: 0
      objectReference: {fileID: 0}
    - target: {fileID: 8831032409468121731, guid: fe33846bd2632b94ca1ba58d17c21cc6,
        type: 3}
      propertyPath: m_LocalRotation.z
      value: -0
      objectReference: {fileID: 0}
    - target: {fileID: 8831032409468121731, guid: fe33846bd2632b94ca1ba58d17c21cc6,
        type: 3}
      propertyPath: m_LocalRotation.w
      value: 0.7071068
      objectReference: {fileID: 0}
    - target: {fileID: 8831032409468121731, guid: fe33846bd2632b94ca1ba58d17c21cc6,
        type: 3}
      propertyPath: m_RootOrder
      value: 7
      objectReference: {fileID: 0}
    - target: {fileID: 8831032409468121731, guid: fe33846bd2632b94ca1ba58d17c21cc6,
        type: 3}
      propertyPath: m_LocalEulerAnglesHint.x
      value: 0
      objectReference: {fileID: 0}
    - target: {fileID: 8831032409468121731, guid: fe33846bd2632b94ca1ba58d17c21cc6,
        type: 3}
      propertyPath: m_LocalEulerAnglesHint.y
      value: 0
      objectReference: {fileID: 0}
    - target: {fileID: 8831032409468121731, guid: fe33846bd2632b94ca1ba58d17c21cc6,
        type: 3}
      propertyPath: m_LocalEulerAnglesHint.z
      value: 0
      objectReference: {fileID: 0}
    m_RemovedComponents: []
  m_SourcePrefab: {fileID: 100100000, guid: fe33846bd2632b94ca1ba58d17c21cc6, type: 3}
