%YAML 1.1
%TAG !u! tag:unity3d.com,2011:
--- !u!1 &71776878800663662
GameObject:
  m_ObjectHideFlags: 0
  m_CorrespondingSourceObject: {fileID: 0}
  m_PrefabInstance: {fileID: 0}
  m_PrefabAsset: {fileID: 0}
  serializedVersion: 6
  m_Component:
  - component: {fileID: 8371931890722432962}
  - component: {fileID: 5099211925980760584}
  - component: {fileID: 5720157404998063407}
  m_Layer: 0
  m_Name: ClickCollider
  m_TagString: Untagged
  m_Icon: {fileID: 0}
  m_NavMeshLayer: 0
  m_StaticEditorFlags: 0
  m_IsActive: 1
--- !u!4 &8371931890722432962
Transform:
  m_ObjectHideFlags: 0
  m_CorrespondingSourceObject: {fileID: 0}
  m_PrefabInstance: {fileID: 0}
  m_PrefabAsset: {fileID: 0}
  m_GameObject: {fileID: 71776878800663662}
  m_LocalRotation: {x: -0.7071068, y: -0, z: -0, w: 0.7071068}
  m_LocalPosition: {x: -0.401783, y: -0.5800004, z: -4.0200005}
  m_LocalScale: {x: 100, y: 100.00006, z: 100.00006}
  m_Children: []
  m_Father: {fileID: 7401791599415337908}
  m_RootOrder: 0
  m_LocalEulerAnglesHint: {x: 0, y: 0, z: 0}
--- !u!65 &5099211925980760584
BoxCollider:
  m_ObjectHideFlags: 0
  m_CorrespondingSourceObject: {fileID: 0}
  m_PrefabInstance: {fileID: 0}
  m_PrefabAsset: {fileID: 0}
  m_GameObject: {fileID: 71776878800663662}
  m_Material: {fileID: 0}
  m_IsTrigger: 0
  m_Enabled: 1
  serializedVersion: 2
  m_Size: {x: 0.3, y: 0.01, z: 0.2}
  m_Center: {x: 0, y: 0, z: 0}
--- !u!114 &5720157404998063407
MonoBehaviour:
  m_ObjectHideFlags: 0
  m_CorrespondingSourceObject: {fileID: 0}
  m_PrefabInstance: {fileID: 0}
  m_PrefabAsset: {fileID: 0}
  m_GameObject: {fileID: 71776878800663662}
  m_Enabled: 1
  m_EditorHideFlags: 0
  m_Script: {fileID: 11500000, guid: d2df197ebb709414099212099e1466d1, type: 3}
  m_Name: 
  m_EditorClassIdentifier: 
  ClickEvent:
    m_PersistentCalls:
      m_Calls:
      - m_Target: {fileID: 4358323063497638070}
        m_MethodName: Play
        m_Mode: 5
        m_Arguments:
          m_ObjectArgument: {fileID: 0}
          m_ObjectArgumentAssemblyTypeName: UnityEngine.Object, UnityEngine
          m_IntArgument: 0
          m_FloatArgument: 0
          m_StringArgument: CenterGateFadeIn
          m_BoolArgument: 0
        m_CallState: 2
      - m_Target: {fileID: 5099211925980760584}
        m_MethodName: set_enabled
        m_Mode: 6
        m_Arguments:
          m_ObjectArgument: {fileID: 0}
          m_ObjectArgumentAssemblyTypeName: UnityEngine.Object, UnityEngine
          m_IntArgument: 0
          m_FloatArgument: 0
          m_StringArgument: 
          m_BoolArgument: 0
        m_CallState: 2
    m_TypeName: UnityEngine.Events.UnityEvent, UnityEngine.CoreModule, Version=0.0.0.0,
      Culture=neutral, PublicKeyToken=null
--- !u!1 &7401791599415337907
GameObject:
  m_ObjectHideFlags: 0
  m_CorrespondingSourceObject: {fileID: 0}
  m_PrefabInstance: {fileID: 0}
  m_PrefabAsset: {fileID: 0}
  serializedVersion: 6
  m_Component:
  - component: {fileID: 7401791599415337908}
  m_Layer: 0
  m_Name: ARsetPieces
  m_TagString: Untagged
  m_Icon: {fileID: 0}
  m_NavMeshLayer: 0
  m_StaticEditorFlags: 0
  m_IsActive: 1
--- !u!4 &7401791599415337908
Transform:
  m_ObjectHideFlags: 0
  m_CorrespondingSourceObject: {fileID: 0}
  m_PrefabInstance: {fileID: 0}
  m_PrefabAsset: {fileID: 0}
  m_GameObject: {fileID: 7401791599415337907}
  m_LocalRotation: {x: 0.7071068, y: -0, z: -0, w: 0.7071068}
  m_LocalPosition: {x: 0.00401783, y: -0.009800002, z: 0.005800001}
  m_LocalScale: {x: 0.01, y: 0.010000002, z: 0.010000002}
  m_Children:
  - {fileID: 8371931890722432962}
  - {fileID: 4358323063507234562}
  m_Father: {fileID: 0}
  m_RootOrder: 0
  m_LocalEulerAnglesHint: {x: 0, y: 0, z: 0}
--- !u!1001 &4358323063507105238
PrefabInstance:
  m_ObjectHideFlags: 0
  serializedVersion: 2
  m_Modification:
    m_TransformParent: {fileID: 7401791599415337908}
    m_Modifications:
    - target: {fileID: 100084, guid: 79700b6339084de4385956c3a2a52779, type: 3}
      propertyPath: m_Name
      value: WallSmash1
      objectReference: {fileID: 0}
    - target: {fileID: 400084, guid: 79700b6339084de4385956c3a2a52779, type: 3}
      propertyPath: m_LocalPosition.x
      value: 0
      objectReference: {fileID: 0}
    - target: {fileID: 400084, guid: 79700b6339084de4385956c3a2a52779, type: 3}
      propertyPath: m_LocalPosition.y
      value: 0
      objectReference: {fileID: 0}
    - target: {fileID: 400084, guid: 79700b6339084de4385956c3a2a52779, type: 3}
      propertyPath: m_LocalPosition.z
      value: 0
      objectReference: {fileID: 0}
    - target: {fileID: 400084, guid: 79700b6339084de4385956c3a2a52779, type: 3}
      propertyPath: m_LocalRotation.x
      value: 0
      objectReference: {fileID: 0}
    - target: {fileID: 400084, guid: 79700b6339084de4385956c3a2a52779, type: 3}
      propertyPath: m_LocalRotation.y
      value: 0
      objectReference: {fileID: 0}
    - target: {fileID: 400084, guid: 79700b6339084de4385956c3a2a52779, type: 3}
      propertyPath: m_LocalRotation.z
      value: 0
      objectReference: {fileID: 0}
    - target: {fileID: 400084, guid: 79700b6339084de4385956c3a2a52779, type: 3}
      propertyPath: m_LocalRotation.w
      value: 1
      objectReference: {fileID: 0}
    - target: {fileID: 400084, guid: 79700b6339084de4385956c3a2a52779, type: 3}
      propertyPath: m_RootOrder
      value: 1
      objectReference: {fileID: 0}
    - target: {fileID: 400084, guid: 79700b6339084de4385956c3a2a52779, type: 3}
      propertyPath: m_LocalEulerAnglesHint.x
      value: 0
      objectReference: {fileID: 0}
    - target: {fileID: 400084, guid: 79700b6339084de4385956c3a2a52779, type: 3}
      propertyPath: m_LocalEulerAnglesHint.y
      value: 0
      objectReference: {fileID: 0}
    - target: {fileID: 400084, guid: 79700b6339084de4385956c3a2a52779, type: 3}
      propertyPath: m_LocalEulerAnglesHint.z
      value: 0
      objectReference: {fileID: 0}
    - target: {fileID: 9500000, guid: 79700b6339084de4385956c3a2a52779, type: 3}
      propertyPath: m_Controller
      value: 
      objectReference: {fileID: 9100000, guid: 3f01d94de90f86d478e7ed12f2f94908, type: 2}
    m_RemovedComponents: []
  m_SourcePrefab: {fileID: 100100000, guid: 79700b6339084de4385956c3a2a52779, type: 3}
--- !u!4 &4358323063507234562 stripped
Transform:
  m_CorrespondingSourceObject: {fileID: 400084, guid: 79700b6339084de4385956c3a2a52779,
    type: 3}
  m_PrefabInstance: {fileID: 4358323063507105238}
  m_PrefabAsset: {fileID: 0}
--- !u!95 &4358323063497638070 stripped
Animator:
  m_CorrespondingSourceObject: {fileID: 9500000, guid: 79700b6339084de4385956c3a2a52779,
    type: 3}
  m_PrefabInstance: {fileID: 4358323063507105238}
  m_PrefabAsset: {fileID: 0}
